@book{couillet_liao_2022,
  place     = {Cambridge},
  title     = {Random Matrix Methods for Machine Learning},
  doi       = {10.1017/9781009128490},
  publisher = {Cambridge University Press},
  author    = {Couillet, Romain and Liao, Zhenyu},
  year      = {2022}
}

@article{random2,
  author = {Sheng, Yue},
  year   = {2021},
  month  = {01},
  pages  = {},
  title  = {Applications Of Random Matrix Theory In Statistics And Machine Learning}
}

@book{vaart_1998,
  place      = {Cambridge},
  series     = {Cambridge Series in Statistical and Probabilistic Mathematics},
  title      = {Asymptotic Statistics},
  doi        = {10.1017/CBO9780511802256},
  publisher  = {Cambridge University Press},
  author     = {Vaart, A. W. van der},
  year       = {1998},
  collection = {Cambridge Series in Statistical and Probabilistic Mathematics}
}

@article{Laloux2000RANDOMMT,
  title={RANDOM MATRIX THEORY AND FINANCIAL CORRELATIONS},
  author={Laurent Laloux and Pierre Cizeau and Marc Potters and Jean-Philippe Bouchaud},
  journal={International Journal of Theoretical and Applied Finance},
  year={2000},
  volume={03},
  pages={391-397}
}

@article{Li2007MIMORW,
  title={MIMO Radar with Colocated Antennas},
  author={Jian Li and Petre Stoica},
  journal={IEEE Signal Processing Magazine},
  year={2007},
  volume={24},
  pages={106-114}
}

@article{Wishart1928THEGP,
  title={THE GENERALISED PRODUCT MOMENT DISTRIBUTION IN SAMPLES FROM A NORMAL MULTIVARIATE POPULATION},
  author={John Wishart},
  journal={Biometrika},
  year={1928},
  pages={32-52}
}

@article{Wigner1955CharacteristicVO,
  title={Characteristic Vectors of Bordered Matrices with Infinite Dimensions I},
  author={Eugene Paul Wigner},
  journal={Annals of Mathematics},
  year={1955},
  volume={62},
  pages={541-545}
}

@inproceedings{Voiculescu1992FreeRV,
  title={Free random variables},
  author={Dan Voiculescu and Ken Dykema and Alexandru Nica},
  year={1992}
}

@article{MP1,
  author  = {Marchenko, V. and Pastur, Leonid},
  year    = {1967},
  month   = {01},
  pages   = {},
  title   = {Distribution of eigen values in certain sets of random matrices},
  volume  = {72},
  journal = {Mat. Sb. (N. S.)}
}

@article{MP2,
  author  = {Silverstein, Jack and Bai, Z.},
  year    = {1995},
  month   = {02},
  pages   = {175-192},
  title   = {On the Empirical Distribution of Eigenvalues of a Class of Large Dimensional Random Matrices},
  volume  = {54},
  journal = {Journal of Multivariate Analysis}
}

@article{numericalMP,
  author  = {Couillet, Romain and Debbah, mérouane and Silverstein, Jack},
  year    = {2011},
  month   = {07},
  pages   = {3493 - 3514},
  title   = {A Deterministic Equivalent for the Analysis of Correlated MIMO Multiple Access Channels},
  volume  = {57},
  journal = {Information Theory, IEEE Transactions on},
  doi     = {10.1109/TIT.2011.2133151}
}

@article{wigner,
  author  = {Wigner, E.P.},
  year    = {1955},
  month   = {01},
  pages   = {548-564},
  title   = {Characteristic vectors of bordered matrices with infinite dimensions},
  volume  = {62},
  journal = {Ann. Math.}
}

@article{solve,
  author  = {Silverstein, Jack and Choi, S.},
  year    = {1995},
  month   = {08},
  pages   = {295-309},
  title   = {Analysis of the Limiting Spectral Distribution of Large Dimensional Random Matrices},
  volume  = {54},
  journal = {Journal of Multivariate Analysis},
  doi     = {10.1006/jmva.1995.1058}
}

@article{gamma1,
  author  = {Bai, Z. and Silverstein, Jack},
  year    = {2000},
  month   = {02},
  pages   = {},
  title   = {No Eigenvalues Outside the Support of the Limiting Spectral Distribution of Large Dimensional Sample Covariance Matrices},
  volume  = {26},
  journal = {The Annals of Probability},
  doi     = {10.1214/aop/1022855421}
}

@article{gamma2,
  author  = {Bai, Z. and Silverstein, Jack and Yin, Y.Q},
  year    = {1988},
  month   = {08},
  pages   = {166-168},
  title   = {A Note on the Largest Eigenvalue of a Large Dimensional Sample Covariance Matrix},
  volume  = {26},
  journal = {Journal of Multivariate Analysis},
  doi     = {10.1016/0047-259X(88)90078-4}
}

@article{spike1,
  author  = {Baik, Jinho and Silverstein, Jack},
  year    = {2006},
  month   = {07},
  pages   = {1382-1408},
  title   = {Eigenvalues of large sample covariance matrices of spiked population models},
  volume  = {97},
  journal = {Journal of Multivariate Analysis},
  doi     = {10.1016/j.jmva.2005.08.003}
}

@article{spike2,
  author  = {Paul, Debashis},
  year    = {2007},
  month   = {10},
  pages   = {1617-1642},
  title   = {Asymptotics of sample eigenstruture for a large dimensional spiked covariance model},
  volume  = {17},
  journal = {Statistica Sinica}
}

@article{spike3,
  author  = {Karoui, Noureddine},
  year    = {2005},
  month   = {03},
  pages   = {},
  title   = {Tracy–Widom limit for the largest eigenvalue of a large class of complex sample covariance matrices},
  volume  = {35},
  journal = {Annals of Probability},
  doi     = {10.1214/009117906000000917}
}

@article{spike4,
  author  = {Couillet, Romain and Hachem, Walid},
  year    = {2011},
  month   = {07},
  pages   = {},
  title   = {Fluctuations of Spiked Random Matrix Models and Failure Diagnosis in Sensor Networks},
  volume  = {59},
  journal = {IEEE Transactions on Information Theory},
  doi     = {10.1109/TIT.2012.2218572}
}